@article{ronneberger-2015-unet,
  author    = {Olaf Ronneberger and
               Philipp Fischer and
               Thomas Brox},
  title     = {U-Net: Convolutional Networks for Biomedical Image Segmentation},
  journal   = {CoRR},
  volume    = {abs/1505.04597},
  year      = {2015},
  url       = {http://arxiv.org/abs/1505.04597},
  archivePrefix = {arXiv},
  eprint    = {1505.04597},
  timestamp = {Mon, 13 Aug 2018 16:46:52 +0200},
  biburl    = {https://dblp.org/rec/journals/corr/RonnebergerFB15.bib},
  bibsource = {dblp computer science bibliography, https://dblp.org}
}

@online{wiki-2021-melanoma,
  author    = {Wikipedia},
  title     = {Melanoma},
  year      = 2021,
  url       = {https://en.wikipedia.org/wiki/Melanoma},
  urldate   = {2021-04-10}
}

@online{acs-2021-melanoma,
  author    = {American Cancer Society},
  title     = {Key Statistics for Melanoma Skin Cancer},
  year      = 2021,
  url       = {https://www.cancer.org/cancer/melanoma-skin-cancer/about/key-statistics.html},
  urldate   = {2021-04-10}
}

@online{isic-2018-segmentation,
  author    = {ISIC},
  title     = {Task 1: Lesion Boundary Segmentation},
  year      = 2018,
  url       = {https://challenge2018.isic-archive.com/task1/},
  urldate   = {2021-04-10}
}